<record><leader>00000cas a22000007a 4500</leader><controlfield tag="001">15133261</controlfield><controlfield tag="008">870130c19369999pauwr ne      0    0eng d</controlfield><datafield ind1=" " ind2=" " tag="010"><subfield code="a">sn 87079954 </subfield></datafield><datafield ind1=" " ind2=" " tag="040"><subfield code="a">NPH</subfield><subfield code="b">eng</subfield><subfield code="c">NPH</subfield><subfield code="d">OCLCQ</subfield></datafield><datafield ind1=" " ind2=" " tag="042"><subfield code="a">msc</subfield></datafield><datafield ind1="0" ind2="0" tag="245"><subfield code="a">Union press-courier.</subfield></datafield><datafield ind1=" " ind2=" " tag="260"><subfield code="a">Patton, Pa. :</subfield><subfield code="b">Thos. A. Owens,</subfield><subfield code="c">1936-</subfield></datafield><datafield ind1=" " ind2=" " tag="300"><subfield code="a">v. :</subfield><subfield code="b">ill. ;</subfield><subfield code="c">57 cm.</subfield></datafield><datafield ind1=" " ind2=" " tag="310"><subfield code="a">Weekly</subfield></datafield><datafield ind1="0" ind2=" " tag="362"><subfield code="a">Vol. 2, no. 22 (Oct. 1, 1936)-</subfield></datafield><datafield ind1=" " ind2=" " tag="500"><subfield code="a">"A general newspaper devoted to the interests of organized labor in Central Pennsylvania."</subfield></datafield><datafield ind1=" " ind2=" " tag="500"><subfield code="a">Also issued in numerous area editions.</subfield></datafield><datafield ind1=" " ind2=" " tag="515"><subfield code="a">Continues at first the numbering of: Union press (Patton, Pa.), and: Patton courier, then beginning with &lt;v. 47&gt;, assumes numbering of the Patton courier. Cf. Union press-courier, Dec. 19, 1940.</subfield></datafield><datafield ind1=" " ind2=" " tag="752"><subfield code="a">United States</subfield><subfield code="b">Pennsylvania</subfield><subfield code="c">Cambria</subfield><subfield code="d">Patton.</subfield></datafield><datafield ind1="0" ind2="4" tag="780"><subfield code="t">Union press (Patton, Pa.)</subfield><subfield code="w">(DLC)sn 87079952</subfield></datafield><datafield ind1="0" ind2="4" tag="780"><subfield code="t">Patton courier</subfield><subfield code="w">(DLC)sn 87079953</subfield></datafield><datafield ind1="1" ind2=" " tag="029"><subfield code="a">AU@</subfield><subfield code="b">000025809876</subfield></datafield></record>